2350 3807
564 185 1466 273 ΕῬΙΤΟΜΕ.-κ
1783 220 1927 299 151

197 356 593 440 novimus,
647 352 916 457 partim
952 346 1341 443 videmu33
1400 375 1545 430 nec
1578 347 1772 433 ullus
1807 349 1932 431 ha·

195 459 369 543 buit
408 468 738 573 impune,
764 458 970 568 quod
1007 465 1257 541 Deum
1296 457 1532 562 laefit3
1580 477 1601 521 ³
1641 461 1761 547 sed
1802 467 1934 572 qui

196 570 300 655 fit
337 600 551 658 verus
585 580 819 665 Deus,
881 580 1015 681 qui
1051 571 1285 656 verbo
1341 572 1615 659 discere
1651 579 1931 669 noluit,

191 684 571 798 fitpplicio
606 685 740 767 suo
777 687 1064 770 didicit.
1161 685 1459 769 Vellem
1490 689 1692 783 scire,
1757 718 1931 772 cum

192 807 490 888 invitos
545 799 852 911 adigunt
906 800 1001 882 ad
1061 797 1525 893 sacrificium,
1607 805 1789 912 quid
1825 801 1934 884 se-

159 921 376 995 ‘-cum
422 911 749 995 habeant
785 918 1122 1005 rationis,
1207 936 1337 995 aut
1392 920 1511 994 cui
1552 917 1926 1027 praestent,

195 1028 411 1136 quod
449 1030 755 1109 faciunt.
870 1031 950 1108 Si
986 1032 1198 1122 Diis3
1280 1054 1439 1109 non
1478 1028 1584 1110 est
1619 1029 1743 1111 ille
1779 1030 1932 1110 cul·

194 1163 320 1224 tus
345 1204 365 1235 ‚
446 1168 594 1223 nec
649 1137 1105 1252 acceptabile
1160 1137 1595 1224 sacrificium
1619 1207 1640 1238 ,
1724 1142 1935 1252 quod

193 1252 292 1335 fit
330 1262 657 1365 ingratis,
731 1252 951 1368 quod
1003 1275 1495 1360 extorquetur
1547 1283 1684 1369 per
1736 1263 1932 1360 inju-

195 1374 414 1461 riam,
479 1368 690 1475 quod
723 1374 1000 1450 eruitur
1038 1393 1177 1478 per
1207 1365 1573 1452 dolorem.
1691 1375 1767 1453 Si
1805 1399 1929 1452 au·

193 1504 351 1563 tem
391 1479 595 1591 ipris,
661 1505 860 1590 quos
909 1503 1249 1591 cogunt;
1328 1509 1489 1564 non
1527 1481 1633 1563 est
1667 1491 1932 1591 utique

195 1592 677 1686 beneficium,
703 1592 914 1702 quod
954 1600 1150 1703 quis,
1199 1621 1297 1674 ne
1335 1602 1679 1706 accipiat.
1708 1603 1935 1678 etiam

197 1715 397 1791 mori
438 1705 747 1791 mavult.
861 1721 898 1767 ⁴
952 1713 1029 1788 Si
1084 1704 1368 1790 bonum
1427 1736 1589 1790 non
1644 1708 1772 1803 est,
1836 1710 1930 1794 ad

196 1822 407 1932 quod
446 1847 573 1905 me
629 1845 881 1915 vocas,
959 1847 1091 1902 cur
1149 1820 1353 1931 malo
1415 1828 1716 1917 invitas,
1797 1852 1929 1908 cut

194 1965 362 2017 non
405 1934 674 2033 verbis,
729 1933 855 2018 {ed
893 1933 1376 2033 verberibus>3
1449 1965 1578 2017 cur
1614 1967 1777 2019 non
1814 1968 1927 2018 ra-

196 2057 441 2140 tione,
521 2046 638 2132 sed
691 2046 1135 2131 cruciatibus
1192 2048 1594 2160 corporis‘.²
1697 2050 1929 2132 Unde

195 2184 512 2276 apparet
566 2161 843 2247 malum
902 2156 1049 2243 esse
1110 2156 1319 2257 illud,
1383 2161 1474 2268 ad
1516 2162 1722 2271 quod
1765 2191 1927 2246 non

1714 2276 1931 2367 illicis

194 2431 386 2501 habeat
428 2434 516 2507 set
561 2436 654 2512 qui
693 2402 812 2510 fit}
860 2450 1028 2508 eaque
1101 2426 1233 2485 nihil
1270 2426 1446 2494 habet,
1480 2428 1627 2504 quod
1669 2429 1757 2487 hic
1782 2445 1928 2508 agat.

189 2510 450 2590 particula
519 2512 645 2569 huic
714 2512 836 2568 loco
912 2529 1021 2567 non
1099 2500 1358 2565 Similiter
1381 2506 1826 2566 Div.1nstit.1ib.
1859 2506 1937 2566 VJ

195 2586 336 2647 male
375 2591 676 2655 conveniat,
709 2588 926 2646 Codicis
955 2589 1024 2645 le·
1097 2603 1213 2661 cap·
1278 2586 1407 2652 XX,
1471 2605 1532 2642 u.
1592 2588 1666 2645 ait
1717 2588 1922 2648 nostem
2027 2638 2037 2647 .

191 2668 437 2723 &ionem
500 2667 816 2744 sequendam
868 2668 1020 2724 duxi·
1094 2663 1313 2737 Intelligi
1346 2666 1507 2721 datur
1543 2686 1704 2742 quam
1727 2686 1824 2723 non
1852 2665 1932 2739 sit

196 2760 344 2802 mus.
1098 2740 1283 2798 bonum
1309 2750 1440 2800 Deos
1474 2743 1627 2800 colere
1633 2768 1653 2810 ,-
1692 2745 1927 2820 quoniam

271 2832 336 2894 4:
360 2823 420 2877 Si
451 2820 633 2878 bonum
667 2840 779 2880 non
820 2820 904 2894 ςβ,
950 2822 1023 2878 ad
1100 2818 1221 2877 bono
1256 2824 1419 2895 potius
1458 2823 1743 2877 adducendi
1765 2818 1936 2877 homi-2

195 2899 333 2976 quod
356 2918 439 2957 me
463 2918 631 2960 vocas,
668 2920 760 2956 cur
788 2900 921 2956 malo
946 2903 1023 2954 in·
1102 2918 1202 2958 nes,
1239 2917 1334 2953 non
1370 2897 1529 2954 maelo:
1569 2897 1666 2972 sed
1703 2900 1827 2974 quia
1865 2898 1929 2954 il-

190 2974 390 3054 νέην]
444 2979 524 3034 Ex
576 2979 809 3035 auetoris
849 2991 1028 3033 mente
1100 2977 1200 3032 Iud
1241 2975 1438 3033 malum
1472 2973 1568 3044 est,
1625 2976 1784 3039 etiam
1821 2975 1927 3050 offi-

191 3061 247 3114 &
278 3055 437 3128 ipfius
474 3056 731 3114 orationis
769 3068 1026 3113 contextu
1098 3058 1236 3110 cium
1273 3055 1386 3134 ejus
1421 3052 1540 3108 bono
1576 3067 1732 3115 caret.
1814 3054 1925 3126 Qui

192 3145 346 3208 patet
384 3131 798 3193 rescribendum.
840 3130 899 3206 fi
941 3130 1023 3188 bo·
1098 3131 1250 3192 locus
1321 3131 1750 3189 emendationem
1828 3152 1928 3192 no·

192 3228 325 3266 num
359 3207 445 3284 est,
476 3211 549 3266 ad
616 3213 718 3269 uod
751 3230 831 3267 me
855 3229 1021 3277 vocas,
1096 3209 1260 3268 stram
1336 3207 1517 3267 firmat
1576 3209 1791 3289 prorsus
1867 3216 1937 3288 &b

188 3288 362 3347 deleta
376 3233 631 3366 particufa
642 3303 887 3366 negante,
902 3306 1021 3365 quae
1095 3285 1303 3344 stabilit.

293 3394 300 3401 ·
1047 3364 1100 3419 K
1136 3382 1177 3435 4
1695 3380 1740 3417 ι.
1782 3365 1929 3415 Num
