2350 3807
562 164 1410 262 EPRRTOME.
1791 211 1944 294 157

208 313 359 398 bus
420 322 659 409 vanis,
737 314 919 400 ficut
958 329 1128 425 jam
1167 322 1378 438 supra
1439 334 1941 440 ostendimus.

212 426 730 541 praescribetur
785 431 1024 530 nobis,
1107 442 1268 546 quo
1323 452 1569 532 minus
1627 481 1807 539 vera·
1855 460 1945 544 δε

212 542 530 623 meliora
566 540 983 630 sectemur?
1060 553 1215 633 Cur
1275 557 1492 644 nobis
1545 571 1947 658 auferimus

207 653 665 750 libertatem,
728 654 849 741 {ed
890 659 1095 766 quasl
1153 666 1428 753 addicCti
1486 675 1741 764 alienis
1797 686 1941 768 serss-

205 775 463 851 vimus
536 770 968 855 erroribus?
1043 779 1305 859 Liceat
1358 779 1629 893 sapere,
1711 796 1936 883 liceat

201 888 588 989 inquirere
645 892 1059 968 veritatem.
1174 892 1323 975 Sed
1382 916 1658 996 tamen,
1739 909 1795 992 s1
1845 912 1937 995 li-

200 989 335 1073 bet
373 1010 409 1056 4
442 1002 816 1098 majorum
876 1000 1272 1087 defendere
1317 1005 1727 1109 stultitiam,
1804 1050 1939 1109 cut

194 1112 514 1219 impune
557 1107 838 1193 habent
877 1120 1246 1228 AEgyptii,
1282 1132 1411 1229 qui
1451 1130 1797 1237 pecudes,
1839 1138 1937 1222 δε

195 1230 462 1306 omnis
510 1234 803 1331 generis
859 1224 1124 1311 bestias·
1184 1258 1327 1343 pro
1385 1242 1550 1323 Diis
1605 1247 1934 1336 coltth

207 1348 229 1393 5
271 1336 431 1418 Cur
493 1336 584 1420 de
636 1342 805 1422 Diis
877 1339 1051 1452 ipfis
1093 1350 1486 1447 jocantur,
1567 1356 1699 1453 &‚
1793 1374 1929 1473 qui

198 1475 335 1532 eos
406 1454 719 1535 facetius
779 1453 1127 1549 deriserit,
1210 1459 1677 1555 honoratur?
1770 1482 1935 1561 Cur·

194 1565 599 1647 audiuntur
641 1567 1093 1679 philosophi,
1123 1580 1249 1680 qui
1289 1600 1417 1657 aut
1453 1581 1700 1667 nullos
1716 1593 1936 1672 Deos

197 1672 349 1761 effe
386 1686 619 1774 aiunt,
681 1705 807 1762 aut
846 1678 902 1763 fi
939 1682 1127 1777 strat,
1201 1688 1387 1771 nihil
1446 1721 1721 1793 curare,
1783 1733 1933 1787 nec

1596 1812 1928 1903 humana

193 2019 581 2078 Tertullianum
604 2024 759 2100 Apol.
801 2044 917 2103 cap.
942 2046 1019 2082 xv·
1101 2031 1220 2085 Diis
1273 2030 1382 2105 ipsis
1431 2050 1679 2111 aguntur.
1757 2044 1928 2101 Medi-

268 2111 330 2166 4.
352 2095 1022 2180 Majorumdefenderestul·
1101 2108 1238 2172 cina,
1272 2126 1433 2185 quam
1473 2113 1707 2173 adhibuit
1737 2119 1820 2175 vir
1848 2121 1930 2180 ille

188 2174 432 2256 titiam]
500 2180 702 2238 Ultima
745 2196 853 2240 vox
886 2180 1026 2239 abest
1097 2185 1324 2253 doetus,
1376 2188 1497 2248 licet
1549 2193 1776 2271 speciosa
1830 2198 1931 2259 fi'ts

183 2253 216 2310 a
282 2250 452 2314 MSto
499 2255 552 2311 &
599 2277 718 2317 eam
764 2259 1023 2337 supplevit
1101 2281 1225 2321 vera
1256 2278 1435 2323 tamen
1470 2289 1582 2329 non
1615 2275 1689 2332 est
1731 2275 1933 2336 haben-

188 2331 280 2388 Cl.
334 2333 567 2411 Pfhffius.
659 2335 826 2395 Certe
886 2338 1023 2394 deest
1099 2341 1190 2403 da3
1256 2344 1450 2399 excidit
1499 2350 1641 2404 enim
1696 2356 1928 2412 vocabu.

185 2410 426 2488 aliquid,
474 2414 619 2490 quod
655 2414 799 2472 hunc
836 2416 917 2473 vel
961 2416 1023 2472 fi-

185 2489 376 2548 milem
419 2491 627 2550 sensum
654 2492 866 2558 fundat;
913 2512 1024 2550 ma·

177 2566 278 2623 lim
328 2583 515 2627 tamen
564 2569 725 2647 legaS,
762 2574 1017 2652 majorum

163 2642 457 2720 'defendere
538 2648 811 2723 religiones.
928 2643 1017 2705 Sic

181 2720 373 2798 paullo
409 2737 556 2783 anter
594 2724 814 2802 publicas
846 2727 1016 2806 religi-

179 2800 385 2877 giones
406 2819 723 2861 execrantur.
801 2806 938 2863 Vide
963 2810 1018 2865 &

176 2877 273 2934 hb.
304 2882 375 2936 V.
404 2879 531 2937 Inst.
573 2884 696 2942 Div.
721 2902 807 2944 xx,
836 2903 897 2950 11,
931 2902 1019 2942 ιι.

244 2950 316 3028 '5-
357 2963 473 3013 Cur
509 2960 573 3016 de
611 2964 725 3018 Diis
773 2958 883 3038 ipsis
930 2964 1018 3035 jo·

181 3032 430 3112 cantur]
467 3039 551 3094 Sic
586 3059 651 3096 ex
688 3041 902 3116 iugenio
930 3041 1018 3096 de·

184 3110 271 3163 dit
309 3107 404 3167 Cl.
440 3112 679 3189 Pfaffius}
737 3134 860 3174 nam
907 3119 1015 3174 Co·

187 3186 301 3251 dex
355 3187 538 3256 unicus
587 3192 744 3254 habet
763 3238 780 3263 ‚
825 3213 917 3252 cur
953 3196 1026 3252 de

1099 2417 1231 2476 lum,
1256 2417 1505 2496 locusque
1532 2427 1602 2480 hc
1626 2426 1780 2484 debet
1806 2430 1927 2506 sup-

1098 2495 1245 2571 pleri,
1283 2516 1373 2552 cur
1407 2502 1472 2555 de
1512 2505 1629 2557 Diis
1668 2504 1778 2580 ipsis
1818 2529 1861 2566 M
1880 2530 1924 2567 1-

1094 2593 1169 2630 Μι
1210 2589 1472 2648 aguntur?
1530 2580 1725 2641 Noster
1752 2588 1919 2644 Instit.

1094 2654 1218 2711 Div.
1268 2652 1356 2710 lib.
1396 2661 1464 2713 V.
1510 2678 1625 2737 cap.
1660 2664 1785 2728 XX,
1830 2682 1920 2723 12.

1096 2728 1227 2811 Qi
1261 2752 1379 2791 cum
1414 2744 1545 2793 Deos
1579 2740 1729 2795 colere
1752 2743 1812 2811 se
1845 2746 1926 2797 di-

1094 2824 1228 2870 cant,
1257 2824 1427 2868 tamen
1466 2823 1555 2870 Eos
1588 2817 1782 2890 public)
1801 2832 1921 2872 »tm-

1092 2891 1323 2965 piterque
1355 2892 1604 2953 derident,
1638 2894 1702 2948 de
1738 2895 1920 2969 quibus·

1094 2968 1253 3023 etiam
1278 2985 1506 3025 Mimos
1536 2988 1653 3025 aon
1680 2991 1798 3027 cum
1819 2978 1923 3047 risu

1094 3042 1163 3112 ὁ»
1199 3044 1467 3121 voluptate
1485 3048 1776 3119 patiuntur·
1849 3057 1917 3110 E.

1092 3122 1365 3180 mendatio
1405 3136 1548 3180 certa
1577 3124 1782 3185 videtur
1822 3150 1918 3188 nec

1091 3196 1145 3254 in
1183 3200 1406 3266 dubium
1452 3206 1762 3263 revocanda.

1731 3306 1772 3342 ι.
1817 3286 1921 3338 Aut
