2350 3807
390 185 498 267 94
690 152 1239 240 mamam
1293 139 1920 240 herm-111

385 312 832 407 miserabilis,
896 332 983 395 ac
1019 341 1179 398 non
1235 310 1600 397 desideret
1652 312 1929 394 auxilia
1962 310 2117 394 ffic-⁴

391 437 865 517 currentium,
951 442 972 476 ¹
1032 451 1206 537 quae
1277 428 1370 509 ad
1425 452 1659 537 opem
1732 427 2121 508 ferendam

389 538 680 626 nonnifi
737 539 1262 623 misericordiae
1301 535 1576 622 affectu
1625 537 2123 624 excitantur?

305 665 311 670 ’
388 658 617 736 Hanc
652 652 777 734 ille
829 654 1010 736 licet
1046 657 1610 746 humanitatem,
1679 670 1707 701 ²
1746 654 1917 735 licet
1952 660 2121 765 pie·-

390 786 619 848 tatcm
657 787 913 859 vocet,
976 797 1137 851 non
1172 796 1332 849 rem
1369 766 1488 850 sed
1525 794 1810 850 nomen
1846 776 2117 849 immu-

387 903 520 962 tat.
641 886 799 961 Hic
859 881 961 964 est
1017 877 1352 973 affectus,
1437 890 1568 991 qui
1627 881 1763 961 soli
1825 883 2126 963 homini

387 996 603 1096 datus
643 994 772 1087 est,
834 1019 917 1077 ut
953 995 1539 1078 imbecillitatem
1593 994 1918 1076 nostram
1952 1023 2121 1075 mu-

387 1117 537 1192 tuis
571 1110 1014 1211 adjumentis
1052 1110 1489 1197 levaremus,
1532 1133 1759 1216 quem
1797 1116 1923 1218 qui
1963 1107 2125 1189 tol--

388 1224 501 1316 lit,
526 1224 617 1304 ad
656 1230 886 1312 vitam
925 1249 1067 1305 nos
1085 1224 1350 1335 redigit
1386 1222 1818 1305 belluarum.
1877 1224 2114 1312 Nam,

390 1336 604 1444 quod
634 1335 819 1417 d'rcit
856 1344 1057 1449 paria
1116 1331 1265 1419 esse
1301 1360 1637 1450 peccata,
1704 1365 1800 1418 ex
1859 1338 2129 1418 eadem

385 1456 850 1532 immanitate
889 1451 1018 1544 est,
1081 1456 1233 1560 qua
1278 1468 1298 1511 ³
1340 1450 1919 1533 misericordiam
1975 1455 2113 1531 ve·-

390 1564 532 1647 luti
584 1563 932 1648 morbum
969 1563 1380 1650 insectatur.
1499 1566 1658 1673 Qi
1708 1571 1909 1646 enim
1949 1561 2121 1645 uulae·

389 1679 542 1760 lam
616 1684 794 1760 facit
848 1674 1341 1784 differentiam
1418 1678 1902 1768 delictorum.
1985 1696 2125 1758 aut

388 1790 588 1874 levia
635 1800 921 1902 magnis
966 1794 1348 1907 suppliciis
1403 1790 1790 1876 afficienda
1824 1791 2117 1884 censet,-

759 1962 766 1969 ·
1736 1956 1739 1959 Δ
1898 1906 2129 2014 quod

473 2119 520 2158 ι.
569 2101 704 2169 Quae
754 2100 828 2156 a'd
873 2112 1008 2176 opem
1040 2103 1213 2179 feren·
1289 2101 1505 2160 AEolico‘
1546 2094 1744 2161 ἧπτᾶπις
1779 2086 2120 2163 ducitur3‘id

391 2175 563 2254 dam]
619 2181 768 2253 Lego
808 2196 927 2248 Qu
967 2181 1039 2233 ad
1077 2194 1215 2256 opem
1289 2196 1467 2236 autem
1492 2179 1924 2253 mansuetudinem
1951 2181 2005 2234 &
2035 2176 2124 2231 be-

372 2255 671 2332 ferendam3
738 2274 1039 2332 pronomen
1068 2259 1212 2314 enim
1289 2261 1587 2332 nignitatem
1613 2259 1847 2314 denotat.
1905 2256 2003 2312 Adi
2030 2255 2114 2323 vie

387 2331 454 2389 ad
517 2350 711 2390 vocem
774 2340 1214 2409 succurrentium,
1290 2356 1411 2393 rum
1458 2337 1717 2392 eximium
1752 2334 1917 2412 Joan.
1953 2333 2143 2388 Cleri-.

387 2412 551 2489 quam
591 2413 655 2469 ad
707 2413 909 2472 auxilia
958 2431 1210 2474 commo·
1287 2435 1404 2470 cum
1453 2414 1515 2470 ad
1565 2415 1773 2472 Pedonis
1808 2411 2123 2469 Albinovani

385 2493 501 2547 dius
538 2492 816 2548 referetur‹
1290 2492 1434 2568 Eleg.
1472 2494 1515 2555 1,
1560 2510 1607 2567 3.

464 2586 517 2624 ι.
554 2573 695 2622 Licet
731 2570 983 2643 pietatem
1016 2568 1210 2648 vocet]
1365 2590 1417 2641 3.
1481 2570 1881 2643 Misericordiam
1939 2566 2129 2624 veluti·

389 2644 605 2721 Nempe
641 2646 841 2719 pietatis
866 2663 1040 2700 nomen
1059 2650 1216 2703 etiam
1287 2646 1520 2705 morbum
1545 2646 1854 2726 infestatur]
1912 2646 2024 2703 Hac
2060 2646 2122 2702 in

384 2727 440 2780 in
472 2721 694 2801 operibus
726 2721 1058 2797 misericordia
1098 2723 1213 2801 fre-
1292 2744 1349 2782 re
1377 2727 1535 2781 nimis
1569 2746 1625 2782 ar
1670 2725 1951 2782 ut'abantur
1990 2728 2116 2781 Sto-

385 2818 695 2879 querentur,
743 2804 797 2860 &
842 2792 1075 2855 tv’b'ss‘mv
1126 2817 1214 2874 pro
1288 2806 1380 2863 ‘ici-
1417 2809 1596 2860 Seneca
1618 2744 1685 2861 ἐς
1710 2803 1884 2860 Clem.
1925 2800 2014 2859 lib.
2051 2820 2116 2858 ιι.

388 2877 727 2954 misericordia*
745 2886 1030 2955 Graecorum
1058 2883 1217 2938 etiam
1289 2901 1404 2959 cap.
1439 2901 1491 2956 5.
1531 2882 1864 2938 Clementiam
1892 2880 2125 2952 mansue·

386 2957 577 3031 vulgus
623 2962 863 3037 usurpat,
916 2968 976 3015 ut
1026 2974 1213 3018 monet
1289 2964 1622 3038 tudinemque
1659 2979 1822 3017 omnes
1855 2958 1970 3016 boni
2001 2972 2126 3035 pre·

387 3034 702 3109 Augustinus
752 3040 817 3095 C.
863 3040 937 3094 D.
987 3035 1077 3093 lib.
1135 3042 1207 3096 X.
1274 3038 1505 3114 stabunt,
1559 3037 1976 3095 misericordiam
2022 3054 2124 3094 au·

387 3128 503 3187 cap.
570 3133 613 3170 ι.
666 3113 801 3171 Vide
846 3122 951 3171 Pet.
986 3113 1212 3176 fabrum
1286 3136 1389 3173 tem
1416 3117 1690 3180 vitabunt3
1743 3117 1816 3172 est
1856 3117 2000 3174 enim
2035 3117 2118 3172 vi·

387 3188 601 3247 Semest.
663 3188 749 3246 lib.
797 3196 895 3251 111.
946 3208 1062 3268 cap·
1128 3214 1145 3251 ι
1161 3213 1211 3268 3.
1286 3198 1423 3253 tium
1466 3192 1631 3270 pufilli
1673 3194 1858 3255 animi.
1908 3195 1982 3250 ad
2005 3195 2124 3269 spe-

379 3268 551 3339 „Ratio
577 3266 667 3333 est,
703 3267 823 3343 quia
845 3270 929 3326 ’γι
951 3284 1117 3327 tras
1145 3271 1211 3331 ab
1284 3279 1409 3334 ciem
1439 3272 1721 3330 alienorum
1745 3272 2126 3344 malorumsuc·

1204 3358 1209 3367 ”
1947 3351 2119 3406 ciden-
