2350 3807
570 103 1432 191 EPITOME.
1753 139 1907 219 159

179 281 282 357 ta„
346 260 476 346 sed
515 264 713 346 sosas
748 283 911 343 tota
949 268 1400 375 promineat,
1461 263 1551 349 δε
1586 266 1682 350 ad
1719 265 1916 350 bene*

177 378 607 461 faciendum
663 399 904 486 prona
974 372 1104 470 fit,
1186 402 1273 460 ut
1348 378 1915 491 quamplurimis

183 486 442 601 profit.
561 485 794 596 Quafi
818 516 1008 572 vvero
1043 498 1123 571 in
1148 492 1524 594 judicibus
1562 492 1761 586 ielis,
1807 518 1919 576 at·

179 632 331 712 que
367 600 851 714 in‘potestate
888 602 1133 712 aliqua
1173 605 1590 693 constitutis
1630 608 1917 712 justitia

174 712 323 801 effe
362 716 657 807 debeat,
718 713 807 798 &
846 745 1005 798 non
1031 724 1125 797 in
1161 717 1552 809 omnibus!
1665 728 1911 832 Atqui

174 827 434 913 nullus*
465 828 570 911 est
605 830 1032 938 hominum,
1063 847 1084 889 ³
1125 858 1224 939 ne
1263 829 1728 915 infirmorum
1750 844 1914 945 qui-

176 945 358 1026 dem
393 972 481 1025 ac
517 943 1062 1036 mendicorum,
1107 952 1185 1025 in
1226 972 1452 1053 quem
1483 945 1762 1048 justitia
1799 978 1915 1031 ca-

172 1058 352 1140 dere
397 1084 554 1138 non
612 1055 864 1168 poffit.
979 1060 1124 1141 Sed
1189 1066 1364 1167 quia
1412 1059 1908 1171 ignorabant,

175 1173 362 1279 quid
400 1165 609 1262 effer,
674 1171 869 1253 unde
926 1172 1365 1284 proflueret,
1428 1175 1611 1282 quid
1665 1181 1919 1286 operis

175 1283 515 1376 haberet,
572 1281 931 1370 summam
970 1283 1172 1367 illa-m
1212 1294 1596 1380 virtutem,
1658 1292 1735 1371 id
1779 1289 1910 1383 est,

173 1425 587 1482 ,commune
622 1404 962 1480 omnium
1006 1398 1318 1492 bonum,
1343 1410 1601 1512 paucis
1637 1402 1911 1484 tribue-

174 1538 359 1596 runt
383 1578 403 1607 ‚
485 1539 803 1620 eamque
861 1511 1102 1595 nullas
1159 1513 1516 1596 utilitates
1575 1523 1917 1626 proprias

176 1632 560 1738 aucupari,
635 1624 764 1714 sed
816 1625 1075 1709 alienis
1132 1629 1426 1709 tantum
1491 1630 1918 1712 commodis

173 1740 467 1825 studere
511 1739 886 1823 dixerunt.
1005 1756 1041 1802 4
1074 1743 1240 1824 Nec
1304 1750 1684 1825 immerito
1724 1751 1914 1825 exti-

174 1864 271 1938 tit
307 1855 755 1948 Carneades,
817 1854 1057 1937 homo
1111 1852 1403 1940 summo
1462 1865 1767 1969 ingenio
1823 1857 1914 1942 δε

157 1980 550 2063 acumine,
630 1977 758 2078 qui
807 1967 1178 2051 refelleret
1255 1968 1562 2057 istorum
1637 1978 1916 2049 oratio-

176 2111 386 2177 nem,
470 2079 558 2166 &
604 2081 963 2186 justitiam
993 2148 1015 2178 ‚
1096 2110 1269 2191 quae
1347 2081 1920 2166 fimdamentum

173 2195 435 2280 stabile
472 2225 629 2279 non
662 2195 1007 2292 habebat,
1069 2220 1464 2291 everteret,
1528 2226 1690 2278 non
1736 2207 1919 2308 quia-

1711 2336 1911 2392 vitu-

167 2495 470 2581 multuosiffcs
511 2502 838 2581 pollicentem,
877 2521 1006 2559 com·
1081 2519 1229 2560 com.
1264 2496 1355 2557 lib.
1396 2503 1466 2555 V.
1505 2520 1620 2578 cap.
1673 2518 1717 2568 ι,
1768 2499 1915 2576 seqq.
1974 2552 1977 2557 .

159 2579 378 2661 pescus't.
450 2583 603 2642 Idem
632 2581 855 2639 Claudio
888 2599 1005 2654 cap.
1157 2595 1211 2653 3.
1235 2578 1316 2636 N>
1342 2578 1684 2638 infirmorum
1711 2582 1925 2657 quide-m¹

166 2661 257 2716 X.
306 2659 554 2717 Afferturi
591 2679 901 2717 communem
947 2658 1010 2715 li·
1084 2678 1143 2715 ac
1185 2660 1570 2731 mendicorum]
1612 2658 1961 2715 Rescribene’

165 2739 451 2794 bertatem.
521 2740 598 2795 Ac
615 2738 873 2812 justitiam
900 2738 1015 2809 qui·
1087 2737 1221 2793 dum
1271 2752 1435 2811 puto,
1498 2738 1558 2793 n>
1607 2736 1922 2793 infimorum

165 2816 303 2875 dem
340 2814 576 2873 defendit
621 2812 674 2870 &
707 2816 877 2873 laudat
913 2811 1014 2881 So-
1090 2815 1367 2891 quidemac
1387 2810 1753 2877 mendico'rum3
1793 2830 1926 2869 nam·

168 2909 350 2955 crates
372 2896 513 2971 apud
542 2891 797 2951 Platonem
813 2893 937 2951 cum
965 2913 1019 2950 a·
1091 2891 1322 2966 infirmus
1372 2890 1556 2949 habito
1605 2891 1670 2946 ad
1712 2908 1927 2965 corpus,

166 2973 288 3040 libi,
325 2987 447 3029 tum
477 2970 545 3030 tle
575 2975 713 3049 Rep.
741 2972 883 3029 libris
910 2972 1019 3048 pri·
1094 2986 1205 3028 non
1243 2970 1309 3028 ad
1363 2986 1492 3044 opes
1529 2967 1931 3045 facultatesque,

168 3070 279 3109 mo
299 3046 648 3126 secundoque.
680 3051 808 3125 Ejus
836 3063 1018 3107 autem
1093 3048 1332 3126 respestu
1369 3047 1576 3104 dicitur.

169 3141 434 3188 naturam
459 3126 735 3204 partesque
762 3126 878 3185 fuse
895 3146 1017 3204 pro-
1156 3147 1211 3199 4.
1228 3134 1332 3183 Nec
1342 3122 1588 3183 immam)
1604 3128 1778 3182 extitit
1791 3133 1926 3183 Car·

165 3209 337 3286 pouit
373 3204 658 3280 Aristoteles
685 3206 857 3266 Ethic.
918 3203 1018 3263 Ni·
1094 3206 1273 3262 neades
1321 3202 1479 3281 &c.]
1539 3205 1676 3263 Vide
1708 3207 1927 3292 2⁶⁶?st

1791 3294 1923 3333 tuam
