2350 3807
439 233 600 311 154
751 208 1286 287 FIRMIAN1
1340 202 1965 279 LAc‘rAnru

378 431 382 436 .
437 364 737 448 libertas
787 356 1246 443 domicilium
1302 350 1754 435 collocavit:
1878 340 2003 432 ies
2053 346 2156 430 est

437 488 635 564 enim
675 497 946 588 praeter
981 495 1286 553 caeteras
1322 469 1770 560 voluntaria,
1834 491 1986 545 nec
2025 469 2157 544 im-

429 599 617 706 poni
658 597 1004 698 cuiquam
1041 581 1430 668 neceffitas
1469 579 1741 695 potest,
1805 598 1891 659 ut
1925 579 2157 671 colat,

434 705 641 814 quod
697 732 858 785 non
911 699 1101 785 vult.
1220 695 1472 779 Potest
1529 692 1802 802 aliquis
1852 690 2161 776 forfitan

426 818 793 910 fimulare,
819 846 979 899 non
1014 812 1260 927 potest
1297 809 1512 892 velle.
1587 815 1949 916 Denique
1982 809 2160 888 cum

435 958 649 1016 metu
682 952 1234 1013 tormentorum
1273 925 1500 1033 aliqui
1549 947 1677 1005 aut
1714 920 2167 1004 cruciatibus

434 1050 625 1131 visti
663 1048 757 1129 ad
791 1042 1202 1126 execranda
1239 1035 1587 1123 sacrificia
1622 1033 2157 1126 consenserint,

432 1188 819 1268 nunquam
856 1156 1055 1238 ultro
1091 1159 1396 1245 faciunt,
1478 1150 1690 1258 quod
1731 1146 2162 1231 necessitate

434 1279 772 1356 fecerunt
798 1335 818 1363 ,
896 1267 1045 1362 sed,
1111 1268 1283 1349 data
1319 1263 1556 1347 rursus
1593 1262 1951 1346 facultate
1976 1325 1998 1351 .
2081 1290 2171 1344 ac

432 1387 721 1469 reddita
777 1383 1140 1474 libertate,
1206 1384 1533 1461 referunt
1587 1376 1660 1460 se
1710 1378 1808 1461 ad
1865 1382 2119 1459 Deum
2144 1448 2164 1478 ,

437 1527 762 1614 eumque
822 1499 1162 1616 precibus
1219 1493 1306 1577 &
1364 1492 1772 1604 lachrymis
1829 1489 2162 1604 placant,

434 1639 742 1727 agentes
799 1643 960 1697 non
1013 1612 1452 1700 voluntatis,
1534 1633 1761 1715 quam
1821 1632 1982 1692 non
2040 1609 2172 1694 ha-

434 1725 779 1819 buerunt,
860 1726 981 1808 sed
1018 1724 1491 1817 neceffitatis‚
1576 1746 1800 1829 quam
1833 1721 2167 1827 pertule-

434 1862 634 1931 runt,
700 1845 1267 1953 poenitentiam,
1347 1833 1434 1918 &
1492 1841 1710 1917 venia
1754 1846 1773 1880 ¹
1815 1828 2169 1917 satisfaci-

437 1953 734 2037 entibus
788 1984 952 2040 non
1006 1956 1367 2065 negatun
1478 1949 1696 2057 Qid
1757 1972 1935 2058 ergo
1988 1976 2173 2062 pro-

435 2094 730 2160 movet,
793 2078 922 2177 qui
962 2088 1240 2179 corpus
1274 2061 1995 2174 inquinat,·quando
2035 2073 2172 2147 im-

438 2204 725 2262 mutare
765 2210 922 2262 non
961 2181 1208 2293 potest
1243 2177 1774 2261 voluntatem'.²
1852 2179 2167 2261 Atenim

439 2296 789 2381 homines
830 2303 1071 2383 inanis
1102 2290 1410 2383 cerebri,
1458 2309 1484 2342 ²
1523 2286 1579 2375 fi
1621 2319 1851 2400 quem
1889 2292 2180 2377 fortem.

441 2413 821 2525 adegerint
876 2410 1106 2495 libare
1138 2415 1310 2491 Diis
1343 2404 1507 2501 ssus,
1566 2401 1980 2490 incredibili
2013 2404 2164 2487 ala·

1582 2548 1585 2555 ’
1694 2544 1699 2551 ·
1899 2539 2170 2602 critate

417 2754 603 2823 ¹dum,
648 2747 755 2820 sola
805 2766 888 2804 res
929 2748 1019 2823 est,
1069 2751 1122 2805 in
1157 2747 1272 2826 qu}
1347 2743 1709 2807 Ecclesiasticae
1734 2748 2022 2826 disciplinae
2045 2766 2170 2805 nor·

438 2830 641 2888 libertas
704 2826 1005 2897 domicilium
1065 2826 1269 2884 colloca-
1345 2823 1451 2890 md,
1489 2828 1731 2888 dolorem
1772 2827 2099 2888 testantibus.

438 2910 543 2964 vit.
623 2907 703 2981 Est
741 2910 869 2963 enim
912 2910 1018 2964 ἃς.
1074 2906 1267 2966 simili·
1418 2924 1471 2959 2·
1509 2906 1565 2957 Si
1597 2907 2003 2984 quem'fortem
2054 2907 2177 2964 ade-

445 3002 528 3042 ter
574 2990 627 3041 in
675 2994 784 3042 Deo
824 2985 925 3062 fhlo
957 2984 1265 3044 domicilium
1330 2985 1500 3060 gerim
1528 2981 1686 3042 libare
1720 2988 1818 3043 diis
1837 2983 2005 3067 suis]
2044 2988 2174 3043 Haec

438 3064 678 3119 veritatis
716 3062 804 3136 effe
848 3065 1049 3123 dixerat
1087 3063 1264 3120 noster
1339 3059 1431 3121 fibi
1468 3064 1817 3123 'vehementer
1858 3076 2177 3145 repugnant,

441 3139 598 3213 supra
638 3159 756 3214 cap.
798 3160 896 3198 Lu.
1341 3156 1462 3199 nam
1497 3144 1562 3200 εὸ
1605 3141 1773 3200 fortes
1808 3155 1978 3208 erant,
2025 3139 2171 3219 qubd

520 3231 540 3269 1
558 3257 570 3270 .
611 3216 1077 3294 satisfacientibus]
1142 3217 1270 3276 Cul-
1344 3217 1529 3277 ultima
1570 3222 1750 3296 potius
1801 3218 2007 3276 ferrent
2055 3216 2175 3290 sup·

438 3314 564 3380 pam
603 3292 1023 3370 deprecantibus,
1057 3301 1135 3359 δε,
1167 3317 1269 3375 pm
1344 3297 1517 3373 plicia,
1553 3315 1717 3375 quam
1749 3298 1866 3354 Diis
1907 3295 2048 3354 falfis
2097 3292 2178 3351 sa·

2089 3390 2181 3434 cra
