2350 3807
509 110 660 209 146
832 102 1369 190 FmMmm
1423 94 2058 175 LAcTAN’ru

489 249 596 333 do
660 266 678 298 ¹
740 258 819 331 in
877 275 1197 359 corpora
1250 246 1648 326 hominum
1726 242 2213 356 inrepserint‚

495 371 910 475 exiguntur,
977 388 1146 441 cum
1206 364 1485 439 extorti
1537 353 1627 439 &
1683 366 2092 441 excruciati
2133 386 2223 441 ac

489 474 560 557 se
599 481 980 558 daemonas
1017 470 1473 554 confitentes
1498 465 1925 553 verberanti
1963 471 2038 555 se
2052 478 2224 556 Deo

485 587 780 670 cedunt.
903 587 1119 694 Qud
1175 612 1356 696 ergo
1415 579 1870 696 speraverint
1926 587 2026 667 de
2083 587 2223 669 suis

479 700 966 813 religionibus
1003 718 1030 749 ²
1071 726 1395 806 cumque
1427 698 1548 782 iua
1604 694 1961 810 sapientia
2000 704 2217 796 Grae·

479 821 577 909 ci,
642 843 819 899 cum
858 817 1189 907 videant,
1269 819 1482 895 Deos
1539 811 1736 907 suoS‚
1820 839 2024 920 quos
2062 813 2219 895 eos-

477 929 653 1012 dem
690 931 1074 1013 daemonas
1108 922 1259 1007 effe
1296 954 1456 1007 nou
1512 946 1815 1037 negant,
1873 954 2019 1038 per
2055 954 2217 1024 cru-,-

476 1070 643 1127 cem
683 1042 776 1126 ab
813 1037 1243 1125 hominibus
1279 1038 1780 1152 triumphari'.²

937 1309 1448 1438 Cabur
1564 1308 1729 1386 LII.

485 1543 562 1752 [
607 1546 758 1750 ἸΝ
782 1565 833 1619 A
876 1542 1101 1646 igitur
1134 1547 1161 1596 ‘³
1203 1534 1365 1649 spes
1401 1533 1834 1616 hominibus
1853 1541 2016 1618 vita
2057 1535 2194 1627 est,

754 1676 944 1732 unus
1019 1675 1288 1762 portus
1343 1648 1589 1731 salutis
1614 1713 1633 1741 ‚
1715 1677 1951 1729 unum
2011 1655 2204 1733 refix-

509 1765 661 1840 ium
711 1761 1097 1855 libertatis,
1161 1762 1216 1845 fi
1281 1762 1617 1866 abjefiis,
1677 1758 1942 1868 quibus
1982 1783 2201 1846 tene-

455 1782 745 1967 {antun
828 1874 1224 1971 erroribus,
1308 1884 1642 1992 aperiant
1676 1869 1942 1958 oculos
1979 1902 2199 1960 men-

457 1993 553 2069 tis
585 1985 728 2073 suae
765 1994 1170 2103 Deumque
1206 1991 1683 2105 cognoseant,
1746 1997 1827 2074 in
1884 2016 2045 2100 quo
2082 1989 2195 2188 sf-

2141 2137 2192 2191 o

516 2330 744 2405 Signum,
780 2333 918 2409 quod
946 2334 1041 2412 ipse
1076 2331 1215 2409 nosti,
1360 2350 1574 2402 motum,
1624 2333 1698 2391 ad
1743 2353 1940 2392 omnem
1983 2332 2195 2392 aditum

521 2417 761 2467 Damnat
797 2427 950 2470 tuam
984 2416 1286 2471 catervam.‘
1362 2414 1432 2482 όν
1464 2417 1680 2473 exitum‚
1717 2413 1789 2469 ad
1821 2409 2078 2483 vestitum,
2117 2408 2199 2469 ad

441 2486 592 2543 Idem
645 2488 849 2544 disertis
908 2491 1081 2547 verbis
1120 2490 1276 2546 adfir-
1353 2491 1653 2557 calceatum,
1708 2493 1780 2546 ad
1821 2488 2059 2557 lavacra,
2117 2492 2196 2548 ad

440 2578 557 2620 mat
600 2564 775 2620 noster
827 2568 953 2621 Div.
991 2564 1160 2624 Instit.
1182 2566 1275 2625 lib.
1351 2571 1559 2647 mensas,
1593 2569 1668 2626 ad
1700 2567 1907 2634 lumina,
1942 2567 2016 2624 ad
2049 2565 2196 2627 cubi·

438 2643 536 2699 lv.
588 2659 705 2714 cap.
754 2652 847 2710 27.
911 2645 1046 2700 vide
1098 2647 1151 2703 &
1206 2644 1272 2704 de
1348 2647 1436 2708 lia,
1491 2649 1566 2704 ad
1604 2647 1793 2722 sedilia
1819 2691 1833 2713 ‚
1882 2666 2192 2724 quacunque

435 2734 602 2778 mort.
648 2718 849 2777 Persec.
878 2739 996 2798 cap.
1020 2723 1090 2779 X·
1131 2723 1271 2781 Hinc
1346 2743 1421 2781 eos
1460 2725 1770 2799 converfhtio
1797 2741 2015 2793 exercet,
2039 2725 2192 2802 fron·

439 2817 656 2857 crucem
710 2790 855 2875 θυρεὶν
901 2804 951 2876 ’53
1014 2792 1157 2855 δ’τλω
1218 2805 1267 2880 ‚53
1342 2817 1447 2861 tem
1499 2808 1658 2861 crucis
1703 2801 1971 2885 signaculo
2021 2819 2186 2860 terere

433 2874 662 2948 τρόπαιον
725 2870 862 2948 agam*
928 2878 1001 2935 τῦ
1050 2871 1266 2939 ὢοιέίλε
1340 2876 1592 2950 solebant,
1632 2896 1691 2939 ut
1721 2886 1796 2940 ait
1834 2880 2189 2940 Tertullianus

427 2971 586 3012 vocat
618 2958 958 3031 Damascenus
979 3002 996 3027 ,
1047 2962 1096 3035 ις
1132 2953 1261 3011 mlv-
1339 2960 1404 3017 de
1429 2962 1633 3019 Coton.
1673 2979 1792 3036 cap.
1873 3002 1888 3017 .

425 3052 520 3082 ‘mv
554 3032 645 3086 τῶ
695 3035 853 3103 ιμκῦν
899 3031 1256 3110 ἀποτρέπων.
1417 3059 1462 3094 1.
1498 3047 1560 3096 In
1588 3053 1790 3113 corpora
1852 3040 2084 3096 ominum
2106 3039 2183 3097 in·
2320 3080 2321 3103 ff

422 3110 765 3189 Quapropter
830 3114 1111 3174 Christiani
1187 3120 1261 3173 acl
1335 3117 1637 3194 repserint]
1697 3116 1788 3175 Sic
1827 3116 1950 3173 MS.
1985 3137 2089 3176 nec
2119 3139 2179 3175 o·
2320 3108 2321 3157 ¹

421 3202 612 3246 omnem
633 3193 939 3268 progreffiem
964 3211 1121 3273 atque
1141 3209 1257 3272 pro·
1332 3214 1430 3270 pus
1476 3193 1580 3258 fuit
1617 3210 1679 3253 ut
1735 3190 1818 3279 le
1855 3194 2080 3331 Pfaffigs
2125 3216 2182 3255 e-.

501 3289 503 3291 ’
813 3306 821 3313 -
2056 3288 2170 3333 eret
